@inproceedings{6468458,
  author    = {Beamer, Scott and Asanovic, Krste and Patterson, David},
  booktitle = {SC '12: Proceedings of the International Conference on High Performance Computing, Networking, Storage and Analysis},
  title     = {Direction-optimizing Breadth-First Search},
  year      = {2012},
  volume    = {},
  number    = {},
  pages     = {1-10},
  doi       = {10.1109/SC.2012.50}
}